
@String{APCQS = "Asia-Pacific Conf. on Quality Software"}
@String{CC = "Compiler Construction ({CC})"}
@String{CGO = "Code Generation and Optimization ({CGO})"}
@String{ICDE = "International Conference on Data Engineering ({ICDE})"}
@String{ICDM = "International Conference on Data Mining ({ICDM})"}
@String{IJCAI = "International Joint Conference on Artificial Intelligence ({IJCAI})"}
@String{JVM = "Java Virtual Machine Research and Techn. Symposium ({JVM})"}
@String{KDD = "Knowledge Discovery and Data Mining ({KDD})"}
@String{PACT = "Parallel Architectures and Compilation Techniques ({PACT})"}
@String{PAKDD = "Pacific-Asia Conference on Methodologies for Knowledge Discovery and Data Mining ({PAKDD})"}
@String{PKDD = "European Conference on Principles of Data Mining and Knowledge Discovery ({PKDD})"}
@String{PLDI = "Programming language design and implementation ({PLDI})"}
@String{POPL = "Principles of Programming Languages (POPL)"}
@String{SIGMOD = "{SIGMOD} International Conference on Management of Data"}
@String{VLDB = "International Conference on Very Large Data Bases ({VLDB})"}
@string{CGO = "Code Generation and Optimization ({CGO})"}


@string{ASPLOS06loc = "Seattle, WA, USA"} 
@string{ASPLOS09loc = "Washington, DC, USA"} 
@string{CGO07loc = "San Jose, CA, USA"}
@string{HPCA05loc = "San Francisco, CA, USA"}
@string{ICDM02loc = "Maebashi City, Japan"}
@string{ICDM03loc = "Melbourne, Florida, USA"}
@string{IISWC08loc = "Seattle, WA, USA"} 
@string{ISCA93loc = "San Diego, CA, USA"} 
@string{ISCA07loc = "San Diego, CA, USA"} 
@string{ISCA09loc = "Austin, TX, USA"}
@string{KDD94loc = "Seattle, WA, USA"}
@string{KDD04loc = "Seattle, WA, USA"}
@string{KDD06loc = "Philadelphia, PA, USA"}
@string{MICRO10loc = "Atlanta, GA, USA"}
@string{PAKDD04loc = "Sydney, Australia"}
@string{PKDD05loc = "Porto, Portugal"}
@string{PPoPP06loc = "New York, NY, USA"} 
@string{PPoPP08loc = "Salt Lake City, UT, USA"}
@string{PPoPP10loc = "Bangalore, India"}
@string{SIGMOD08loc = "Vancouver, BC, Canada"}
@string{SPAA08loc = "Munich, Germany"}

@mastersthesis{GomesMSc12,
  author        = "Carolina Simoes Gomes",
  title         = "Heavyweight Pattern Mining in Attributed Flow Graphs",
  school        = "University of Alberta",
  address       = "Edmonton, AB, Canada",
  year          = "2012"
}

@InProceedings{FlowGSP,
  author =       {A. Jocksch and J. N. Amaral and M. Mitran},
  title =        "{M}ining for {P}aths in {F}low Graphs",
  booktitle = {10th Industrial Conference on Data Mining},
  pages =        {277-291},
  year =         2010,
  address =      {Berlin, Germany},
  month =        {July},
}

@InBook{GSP,
	title = "{M}ining {S}equential {P}atterns: {G}eneralizations and {P}erformance {I}mprovements",
	series = "Advances in Database Techn.",
	author = "R. Srikant and R. Agrawal",
	publisher = "Springer",
	pages = "3--17",
	year = "1996"
}

@Misc{ WAS,
        author = "{IBM Corporation}",
	title = "Web{S}phere {A}pplication {S}erver",
	howpublished = "http://www-01.ibm.com/software/websphere/",
	month = "March",
	year = "2009"
}


@Article{ ibm-z10,
	title = "{IBM} z10: {T}he {N}ext {G}eneration {M}icroprocessor",
	author = "C. F. Webb",
	journal = "IEEE Micro",
	volume = "28",
	number = "2",
	month = "March",
	year = "2008",
	pages = "19--29"
}

@InProceedings{gSpan,
  author = 	 {X. Yan and J. Han},
  title = 	 {{gSpan}: graph-based substructure pattern mining},
  booktitle = ICDM,
  pages = 	 {721-724},
  year = 	 2002,
  address = 	 ICDM02loc,
  month = 	 {December}
}

@article{Cordella,
 author = {P. Cordella, Luigi and Foggia, Pasquale and Sansone, Carlo and Vento, Mario},
 title = "{A} {(Sub)}{G}raph {I}somorphism {A}lgorithm for {M}atching {L}arge {G}raphs",
 journal = {IEEE Trans. Pattern Anal. Mach. Intell.},
 issue_date = {October 2004},
 volume = {26},
 number = {10},
 month = {October},
 year = {2004},
 issn = {0162-8828},
 pages = {1367--1372},
 numpages = {6},
 url = {http://dx.doi.org/10.1109/TPAMI.2004.75},
 doi = {10.1109/TPAMI.2004.75},
 acmid = {1018377},
 publisher = {IEEE Computer Society},
 address = {Washington, DC, USA},
 keywords = {Index Terms- Graph-subgraph isomorphism, large graphs, attributed relational graphs.},
} 

@TechReport{A-priori,
  author = 	 {Ramakrishnan Srikant and Rakesh Agrawal},
  title = 	 "{M}ining {S}equential {P}atterns: {G}eneralizations and {P}erformance {I}mprovements",
  institution =  {IBM Research Division, Almaden Research Center},
  year = 	 1996,
  address = 	 {San Jose, CA, USA}}

@inproceedings{Gaston,
 author = {Nijssen, Siegfried and Kok, Joost N.},
 title = {A quickstart in frequent structure mining can make a difference},
 booktitle = KDD,
 year = {2004},
 location = {Seattle, WA, USA},
 pages = {647--652},
 address = KDD04loc,
} 

@inproceedings{FSP,
author={Shuguo Han and Wee Keong Ng and Yang Yu},
booktitle={Information, Communications Signal Processing, 2007 6th International Conference on}, 
title="{FSP}: {F}requent {S}ubstructure {P}attern {M}ining",
year={2007},
month={dec.},
volume={},
number={},
pages={1 -5},
keywords={FSP;frequent substructure pattern mining;gSpan;mining frequent subgraph patterns;subgraph isomorphism;data mining;graph theory;},
doi={10.1109/ICICS.2007.4449818},
ISSN={},}

@InProceedings{ AGM,
	author = "A. Inokuchi and T. Washio and H. Motoda",
	title = "{A}n {A}priori-{B}ased {A}lgorithm for {M}ining {F}requent {S}ubstructures from {G}raph {D}ata",
	booktitle = PKDD,
	year = "2000",
	pages = "13--23",
	address = "London, UK"
}

@inproceedings{FFSM, 
author={J. Huan and W. Wang and J. Prins}, 
booktitle=ICDM,
title="Efficient mining of frequent subgraphs in the presence of isomorphism", 
year={2003}, 
month={November}, 
address=ICDM03loc,
pages={ 549 - 552}}

@article{Krishna, 
title="A comparative survey of algorithms for frequent subgraph discovery", 
volume={100}, 
url={http://www.ias.ac.in/currsci/25jan2011/190.pdf}, 
number={2}, 
journal={Current}, 
author={Krishna, Varun and Suri, N N R Ranga and Athithan, G}, 
year={2011}, 
pages={190}}

@inproceedings{Horvath,
 author = {Horv\'{a}th, Tam\'{a}s and Ramon, Jan},
 title = "{E}fficient {F}requent {C}onnected {S}ubgraph {M}ining in {G}raphs of {B}ounded {T}reewidth",
 booktitle = {Proceedings of the 2008 European Conference on Machine Learning and Knowledge Discovery in Databases - Part I},
 series = {ECML PKDD '08},
 year = {2008},
 isbn = {978-3-540-87478-2},
 location = {Antwerp, Belgium},
 pages = {520--535},
 numpages = {16},
 url = {http://dx.doi.org/10.1007/978-3-540-87479-9\_52},
 doi = {10.1007/978-3-540-87479-9\_52},
 acmid = {1431988},
 publisher = {Springer-Verlag},
 address = {Berlin, Heidelberg},
} 

@article{ Thorup,
 author = {Thorup, Mikkel},
 title = "All structured programs have small tree width and good register allocation",
 journal = {Inf. Comput.},
 issue_date = {May 2, 1998},
 volume = {142},
 number = {2},
 month = may,
 year = {1998},
 issn = {0890-5401},
 pages = {159--181},
 numpages = {23},
 url = {http://dx.doi.org/10.1006/inco.1997.2697},
 doi = {10.1006/inco.1997.2697},
 acmid = {291727},
 publisher = {Academic Press, Inc.},
 address = {Duluth, MN, USA},
} 

@Misc{ Nauty,
        author = "{Brendan D. Mckay}",
	title = "Nauty",
	howpublished = "http://cs.anu.edu.au/~bdm/nauty/",
}

@InProceedings{ gSpanTechReport,
	author = "X. Yan and J. Han",
	title = "g{S}pan: Graph-Based Substructure Pattern Mining",
}

@inproceedings{Jiang,
 author = {Jiang, Chuntao and Coenen, Frans and Zito, Michele},
 title = {Frequent sub-graph mining on edge weighted graphs},
 booktitle = {Proceedings of the 12th international conference on Data warehousing and knowledge discovery},
 series = {DaWaK'10},
 year = {2010},
 isbn = {3-642-15104-3, 978-3-642-15104-0},
 location = {Bilbao, Spain},
 pages = {77--88},
 numpages = {12},
 url = {http://dl.acm.org/citation.cfm?id=1881923.1881932},
 acmid = {1881932},
 publisher = {Springer-Verlag},
 address = {Berlin, Heidelberg},
 keywords = {weighted frequent sub-graph mining, weighted transaction graph mining, weighting schemes},
} 

@INPROCEEDINGS{Foggia,
    author = {P. Foggia and C. Sansone and M. Vento},
    title = {A performance comparison of five algorithms for graph isomorphism},
    booktitle = {Proceedings of the 3rd IAPR TC-15 Workshop on Graph-based Representations in Pattern Recognition},
    year = {2001},
    pages = {188--199}
}

@incollection{Bohm,
 author = {B\"{o}hm, C. and Jacopini, G.},
 chapter = "Flow diagrams, Turing machines and languages with only two formation rules",
 title = {Classics in software engineering},
 editor = {Yourdon, Edward Nash},
 year = {1979},
 isbn = {0-917072-14-6},
 pages = {11--25},
 numpages = {15},
 url = {http://dl.acm.org/citation.cfm?id=1241515.1241517},
 acmid = {1241517},
 publisher = {Yourdon Press},
 address = {Upper Saddle River, NJ, USA},
} 

@Misc{ JavaLinkedHashMap,
       title = {Java {L}inked{H}ash{M}ap},
       howpublished = "http://docs.oracle.com/javase/1.4.2/docs/api/java/util/LinkedHashMap.html"
}

@Misc{ JavaLinkedHashSet,
       title = {Java {L}inked{H}ash{S}et},
       howpublished = "http://docs.oracle.com/javase/1.4.2/docs/api/java/util/LinkedHashSet.html"
}

@inproceedings{LEAP,
 author = {Yan, Xifeng and Cheng, Hong and Han, Jiawei and Yu, Philip S.},
 title = {Mining significant graph patterns by leap search},
 booktitle = {Proceedings of the 2008 ACM SIGMOD international conference on Management of data},
 series = {SIGMOD '08},
 year = {2008},
 isbn = {978-1-60558-102-6},
 location = {Vancouver, Canada},
 pages = {433--444},
 numpages = {12},
 url = {http://doi.acm.org/10.1145/1376616.1376662},
 doi = {10.1145/1376616.1376662},
 acmid = {1376662},
 publisher = {ACM},
 address = {New York, NY, USA},
 keywords = {classification, graph, optimality, pattern},
} 

@incollection {gRed,
   author = {A. Gago Alonso and J. Medina Pagola and J. Carrasco-Ochoa and J. Martinez-Trinidad},
   title = "{M}ining {F}requent {C}onnected {S}ubgraphs {R}educing the {N}umber of {C}andidates",
   booktitle = {Machine Learning and Knowledge Discovery in Databases},
   series = {Lecture Notes in Computer Science},
   editor = {W. Daelemans and B. Goethals and K. Morik},
   publisher = {Springer},
   keyword = {Computer Science},
   pages = {365-376},
   volume = {5211},
   year = {2008}
}

@article{Chakrabarti-ACMSurveys06,
 author = {B. Chakrabarti and C. Faloutsos},
 title = "Graph mining: Laws, generators, and algorithms",
 journal = {ACM Computing Surveys},
 issue_date = {2006},
 volume = {38},
 number = {1},
 month = {March},
 year = {2006},
 articleno = {2},
 publisher = {ACM},
 address = {New York, NY, USA}
} 

@InProceedings{DrewekeCGO07,
  author = 	 {A. Dreweke and M. Worlein and I. Fischer and D. Schell and Th. Meinl and M. Philippsen},
  title = 	 "{G}raph-{B}ased {P}rocedural {A}bstraction",
  booktitle = CGO,
  year = 	 2007,
  month =        {March},
  pages =        {259-270},
  address = 	 CGO07loc}

@InProceedings{SUBDUE,
  author = 	 {L. B. Holder and D. J. Cook and S. Djoko},
  title = 	 "{S}ubstructure {D}iscovery in the {SUBDUE} {S}ystems",
  booktitle = {National Conference on Artificial Intelligenc ({AAAI}) Workshop Knowledge Discovery in Databases ({KDD})},
  pages = 	 {169-180},
  year = 	 1994,
  address = 	 KDD94loc}

@InProceedings{CMTreeMiner,
  author = 	 {Y. Chi and Y. Yang and Y. Xin and R. R. Muntz},
  title = 	 "{CMTreeMiner}: {M}ining {B}oth {C}losed and {M}aximal {F}requent {S}ubtrees",
  booktitle = PAKDD,
  pages = 	 {63-73},
  year = 	 2004,
  address = 	 PAKDD04loc,
  month = 	 {May}}

@inproceedings{YanSIGMOD08,
 author = {X. Yan and H. Cheng and J. Han and P. S. Yu},
 title = "Mining significant graph patterns by leap search",
 booktitle = SIGMOD,
 year = {2008},
 pages = {433--444},
 month = {June},
 address = SIGMOD08loc
} 

@inproceedings{HorvathKDD06,
 author = {Horv\'{a}th, Tam\'{a}s and Ramon, Jan and Wrobel, Stefan},
 title = {Frequent subgraph mining in outerplanar graphs},
 booktitle = KDD,
 year = {2006},
 location = {Philadelphia, PA, USA},
 pages = {197--206},
 numpages = {10},
 address = KDD06loc
} 

@INPROCEEDINGS{BorgeltICDM02, 
author={C. Borgelt and M. R. Berthold}, 
booktitle= ICDM,
title={Mining molecular fragments: finding relevant substructures of molecules}, 
year={2002}, 
month={December}, 
address=ICDM02loc,
pages={ 51 - 58}
} 


@incollection {WorleinPKDD05,
   author = {M. Worlein and T. Meinl and I. Fischer and M. Philippsen},
   title = "{A} {Q}uantitative {C}omparison of the {S}ubgraph {M}iners {MoFa}, {gSpan}, {FFSM}, and {Gaston}",
   booktitle = PKDD,
   series = {Lecture Notes in Computer Science},
   editor = {A. Jorge and L. Torgo and P. Brazdil and R. Camacho and J. Gama},
   publisher = {Springer},
   pages = {392-403},
   volume = {3721},
   year = {2005}
}

@incollection {BorgeltCDAKO07,
   author = {C. Borgelt},
   title = "{C}anonical {F}orms for {F}requent {G}raph {M}ining",
   booktitle = {Advances in Data Analysis},
   series = {Studies in Classification, Data Analysis, and Knowledge Organization},
   editor = {R. Decker and H.-J. Lenz},
   publisher = {Springer},
   pages = {337-349},
   year = {2007}
}

@incollection {ChiKDD04,
   author = {Y. Chi and Y. Yang and Y. Xia and R. Muntz},
   title = "{CMTreeMiner}: {M}ining {B}oth {C}losed and {M}aximal {F}requent {S}ubtrees",
   booktitle = {Advances in Knowledge Discovery and Data Mining},
   series = {Lecture Notes in Computer Science},
   editor = {H. Dai and R. Srikant and C. Zhang},
   publisher = {Springer Berlin / Heidelberg},
   pages = {63-73},
   volume = {3056},
   year = {2004}
}

@incollection {ChengMMGD10,
   author = {H. Cheng and X. Yan and J. Han},
   title = "{M}ining {G}raph {P}atterns",
   booktitle = {Managing and Mining Graph Data},
   series = {The Kluwer International Series on Advances in Database Systems},
   editor = {C. C. Aggarwal and H. Wang and A. K. Elmagarmid},
   publisher = {Springer US},
   pages = {365-392},
   volume = {40},
   year = {2010}
}

@InProceedings{JockschCC10,
  author = 	 {A. Jocksch and M. Mitran and J. Siu and N. Grcevski and J. N. Amaral},
  title = 	 "{M}ining {O}pportunities for {C}ode {I}mprovement in a {J}ust-in-{T}ime {C}ompiler",
  booktitle = CC,
  year = 	 2010,
  address = 	 {Paphos, Cyprus},
  month = 	 {March}}

@Book{ Tibshirani01,
	author = "Robert Tibshirani and Jerome Friedman {Trevor Hastie}",
	title = "The Elements of Statistical Learning: Data Mining, Inference, and Prediction",
	publisher = "Springer",
	year = "2001",
	address = "New York"
}

@InProceedings{ CavazosCGO07,
	author = "John Cavazos and Grigori Fursin and Felix Agakov and Edwin Bonilla and Michael F. P. O'Boyle and Olivier Temam",
	title = "Rapidly Selecting Good Compiler Optimizations using Performance Counters",
	booktitle = CGO,
	year = "2007",
	pages = "185--197",
	address = "Washington, DC, USA"
}

@InProceedings{AgrawalSrikantVLDB94,
  author = 	 {R. Agrawal and R. Srikant},
  title = 	 {Fast algorithms for mining association rules},
  booktitle = VLDB,
  pages = 	 {487-499},
  year = 	 1994,
  address = 	 {Santiago, Chile},
  month = 	 {September}}

@InProceedings{ AgrawalSIGMOD93,
	author = "R. Agrawal and T. Imieli{\'n}ski and A. Swami",
	title = "Mining association rules between sets of items in large databases",
	booktitle = SIGMOD,
	year = "1993",
	pages = "207--216",
	address = "Washington, DC, USA"
}

@Article{ BorgeltFISMI03,
	author = "Christian Borgelt",
	title = "Efficient Implementations of Apriori and Eclat",
	booktitle = "1st Workshop of Frequent Item Set Mining Implementations",
	year = "2003",
	address = "Melbourne,FL,USA"
}

@Misc{ borgelt-web,
	author = "Christian Borgelt",
	howpublished = "http://www.borgelt.net"
}

@Article{ ibm-z9,
	author = "T. J. Siegel and E. Pfeffer and J. A. Magee",
	title = "The IBM eServer z990 microprocessor",
	journal = "IBM J. Res. Dev.",
	volume = "48",
	number = "3-4",
	year = "2004",
	pages = "295--309",
	address = "Riverton, NJ, USA"
}

@Article{ ibm-zarch,
	author = "K.E. Plambeck and W. Eckert and R. R. Rogers and C. F. Webb",
	title = "Development and Attributes of z/Architecture",
	year = "2002",
	publisher = "IBM Corp."
}

@Misc{ lgpl,
	title = "GNU Lesser General Public License",
	howpublished = "http://www.gnu.org/copyleft/lesser.html"
}

@Misc{ eclipse,
	title = "Eclipse open development platform",
	howpublished = "http://www.eclipse.org"
}

@Article{ ChoiEPIC02,
	title = "Design and Experience Using the Intel Itanium 2 Processor Performance Monitoring Unit to Implement Feedback Optimizations",
	author = "Y. Choi and A. Knies and G. Vedaraman and J. Williamson",
	journal = "EPIC2 Workshop",
	year = "2002"
}

@InProceedings{ PeiICDE01,
	author = "J. Pei and J. Han and B. Mortazavi-Asl and H. Pinto and Q. Chen and U. Dayal and M.C. Hsu",
	title = "{PrefixSpan} Mining Sequential Patterns Efficiently by Prefix Projected Pattern Growth",
	pages = "215--226",
	booktitle = ICDE,
	year = "2001",
        address = "Heidelberg, Germany"
}

@InBook{ hanpatterngrowth,
	title = "{S}equential {P}attern {M}ining by {P}attern-Growth: {P}rinciples and {E}xtensions ",
	series = "Studies in Fuzziness and Soft Computing",
	author = "J. Han and J. Pei and Y. Yin",
	publisher = "Springer",
	pages = "183--220",
	volume = "180",
	year = "2005",
}

@InProceedings{ HanKDD00,
	author = "J. Han and J. Pei and B. Mortazavi-Asl and Q. Chen and U. Dayal and M. Hsu",
	title = "FreeSpan: frequent pattern-projected sequential pattern mining",
	booktitle = KDD,
	year = "2000",
	pages = "355--359",
	address = "Boston, MA, USA"
}

@InProceedings{ MILEPOST,
	title = "MILEPOST GCC: machine learning based research compiler",
	author = "Grigori Fursin and Mircea Namolaru and Edwin Bonilla and Phil Barnard and Elton Ashton and Eric Courtois and Francois Bodin and Cupertino Miranda and Olivier Temam and Elad Yom-Tov and Ayal Zaks and Bilha Mendelson and John Thomson and Hugh Leather and Chris Williams and Michael F. P. O'Boyle",
	booktitle = "Proceedings of the GCC Developer's Summit",
	address = "Ottawa, Canada",
	month = "June",
	year = "2008"
}

@InProceedings{ MannilaKDD95,
	author = "H. Mannila and H. Toivonen and A. I. Verkamo",
	title = "{Discovering Frequent Episodes in Sequences}",
	booktitle = KDD,
	address = "Montreal, Canada",
	editor = "U. M. Fayyad and R. Uthurusamy",
	year = "1995",
}

@InProceedings{ schneider96online,
	author = "Florian T. Schneider and Mathias Payer and Thomas R. Gross",
	title = "Online optimizations driven by hardware performance monitoring",
	booktitle = PLDI,
	year = "2007",
	pages = "373--382",
	address = "San Diego, CA, USA"
}

@InProceedings{ srikantapriori,
	author = "Ramakrishnan Srikant and Rakesh Agrawal",
	title = "Mining quantitative association rules in large relational tables",
	booktitle = SIGMOD,
	year = "1996",
	pages = "1--12",
	address = "Montreal, Canada"
}

@InProceedings{ iterativecomp,
	title = "Iterative Compilation in a Non-Linear Optimization Space",
	author = "T. Kisuki and P.M.W. knijnenburg and Michael F. P. O'Boyle and Francois Bodin and E. Rouhu",
	booktitle = PACT,
	address = "Paris, France",
	month = "October",
        year = " 1998"
}

@InProceedings{ metaoptimization,
	author = "Mark Stephenson and Saman Amarasinghe and Martin Martin and Una-May O'Reilly",
	title = "Meta optimization: improving compiler heuristics with machine learning",
	booktitle = PLDI,
	year = "2003",
	pages = "77--90",
	address = "San Diego, CA, USA"
}

@InProceedings{ stephenson-unroll,
	author = "Mark Stephenson and Saman Amarasinghe",
	title = "Predicting Unroll Factors Using Supervised Classification",
	booktitle = CGO,
	year = "2005",
	pages = "123--134",
	address = "Washington, DC, USA"
}

@Article{ multiclass-SVM,
	author = "Koby Crammer and Yoram Singer",
	title = "On the algorithmic implementation of multiclass kernel-based vector machines",
	journal = "J. Mach. Learn. Res.",
	volume = "2",
	year = "2002",
	issn = "1533-7928",
	pages = "265--292",
	publisher = "MIT Press",
	address = "Cambridge, MA, USA"
}

@Misc{ SPEC,
	title = "SPEC Benchmark",
	author = "Standard Performance Evaluation Corporation",
	note = "http://www.spec.org"
}

@InProceedings{ amaral-genetic,
	title = "Genetic Algorithms in Optimization: Better than Random Search?",
	author = "Jose Nelson Amaral and Adalberto Teixeira Castelo Neto and Alessandro Valerio Dias",
	booktitle = "1997 International Conference on Engineering and Informatics",
	year = "1997",
	pages = "320--326",
	address = "Buenos Aires, Argentina",
	month = "April"
}

@InProceedings{GengDongISECS08,
  author = 	 {R. Geng and X. Dong and X. Zhang and W. Xu},
  title = 	 {Efficiently Mining Closed Frequent Patterns with Weight Constraint from Directed Graph Traversals Using Weighted {FP}-tree Approach},
  booktitle = {Intern. Coll. on Computing, Communication, Control, and Management},
  pages = 	 {399-403},
  year = 	 {2008},
  address =     {Guangzhou City, China},
  month = 	 {August}
}


@Article{LeeParkJCSNS06,
  author = 	 {S. D. Lee and H. C. Park},
  title = 	 {Mining Frequent Patterns from Weighted Traversals on Graph using Confidence Interval and Pattern Priority},
  journal = 	 {Intern. Journal of Computer Science and Network Security},
  year = 	 {206},
  volume = 	 {6},
  number = 	 {5A},
  pages = 	 {136-141},
  month = 	 {May}
}


@InProceedings{ HwangHuanAPAQS01,
	author = "C.-C. Hwang and S.-K. Huang and D.-J. Chen and D.T.K. Chen",
	Title = "Object-Oriented Program Behavior Analysis Based on Control Patterns",
	booktitle = APCQS,
	pages = "81--87",
	year = 2001,
	address = "Hong Kong, China",
	month = "December"
}

@Article{ Inokuchi03complete,
	author = "Akihiro Inokuchi and Takashi Washio and Hiroshi Motoda",
	title = "{C}omplete {M}ining of {F}requent {P}atterns from {G}raphs: {M}ining {G}raph {D}ata",
	journal = "Mach. Learn.",
	volume = "50",
	number = "3",
	year = "2003",
	pages = "321--354",
	publisher = "Kluwer Academic Publishers",
	address = "Hingham, MA, USA"
}

@InProceedings{Pawlak05,
	author = "Z. Pawlak",
	title = "{F}low {G}raphs and {D}ata {M}ining",
	booktitle = "Transactions on Rough Sets III",
	series = "Lect. Notes in Comp. Science",
	volume = "3400/2005",
	year = "2005",
	pages = "1--36",
	publisher = "Springer"
}


@InProceedings{ AgrawalSrikantICDE95,
	author = "Rakesh Agrawal and Ramakrishnan Srikant",
	title = "{M}ining {S}equential {P}atterns",
	booktitle = ICDE,
	year = "1995",
	pages = "3--14",
	address = "Taipei, Taiwan",
	month = "March"
}

@inProceedings{ mannila95discovering,
    author = "H. Mannila and H. Toivonen and A. I. Verkamo",
    title = "{Discovering Frequent Episodes in Sequences}",
    booktitle = KDD,
    publisher = "AAAI Press",
    address = "Montreal, Canada",
    editor = "U. M. Fayyad and R. Uthurusamy",
    year = "1995"
}

@inProceedings{inokichi-graphsequence,
 author= {Akihiro Inokuchi and Takashi Washiro},
 title = "{A} {F}ast {M}ethod to {M}ine {F}requent {S}ubsequences from {G}raph {S}equence {D}ata",
 booktitle = ICDM,
 year = {2008},
 pages = {303--312},
 address = {Pisa, Italy}
}

@inproceedings{java-hotspot,
 author = {Paleczny,, Michael and Vick,, Christopher and Click,, Cliff},
 title = {The java {hotspot$^{TM}$} server compiler},
 booktitle = JVM,
 year = {2001},
 pages = {1--1},
 address = {Monterey, CA, USA},
 publisher = {USENIX Assoc.}
 }

@inproceedings{Hasanorigami-icdm07,
 author = {M. A. Hasan and V. Chaoji and S. Salem and J. Besson and M. Zaki},
 title = "{ORIGAMI}: {M}ining {R}epresentative {O}rthogonal {G}raph {P}atterns",
 booktitle = ICDM,
 year = {2007},
 pages = {153--162},
 address = {Washington, DC, USA},
 }

@inproceedings{nijssengaston-kdd04,
 author = {S. Nijssen and J. N. Kok},
 title = {A quickstart in frequent structure mining can make a difference},
 booktitle = KDD,
 year = {2004},
 pages = {647--652},
 address = {Seattle, WA, USA}
 }

@inproceedings{Inokuchibasket-pakdd99,
 author = {Inokuchi,, Akihiro and Washio,, Takashi and Motoda,, Hiroshi and Kumasawa,, Kouhei and Arai,, Naohide},
 title = {Basket Analysis for Graph Structured Data},
 booktitle = PAKDD,
 year = {1999},
 address = {Beijing, China},
 pages = {420--431}
 }

@inproceedings{Dereadtmolfea-ijcai01,
 author = {L. De{R}aedt and S. Kramer},
 title = {The Levelwise Version Space Algorithm and its Application to Molecular Fragment Finding},
 booktitle = IJCAI,
 year = {2001},
 pages = {853--859},
 address = {Seattle, WA, USA}
}

@inproceedings{Shengnan-parallelKDD05,
 author = {Cong,, Shengnan and Han,, Jiawei and Padua,, David},
 title = {Parallel mining of closed sequential patterns},
 booktitle = KDD,
 year = {2005},
 pages = {562--567},
 address = {Chicago, IL, USA}
}

@inproceedings{Buehrer-adaptiveICDM06,
 author = {Buehrer,, Gregory and Parthasarathy,, Srinivasan and Chen,, Yen-Kuang},
 title = "{A}daptive {P}arallel {G}raph {M}ining for {CMP} {A}rchitectures",
 booktitle = ICDM,
 year = {2006},
 pages = {97--106},
 address = {Hong Kong, China},
}

@inproceedings{moseley-optiscope-cgo09,
 author = {T. Moseley and D. Grunwald and R. V. Peri},
 title = "OptiScope: Performance Accountability for Optimizing Compilers",
 booktitle = CGO,
 year = {2009},
 address = {Seattle, WA, USA}
}

@inproceedings{Grcevski-vm04,
 author = {N. Grcevski and A. Kielstra and K. Stoodley and M. Stoodley and V. Sundaresan},
 title = {Java just-in-time compiler and virtual machine improvements for server and middleware applications},
 booktitle = {Conf. on Virtual Machine Research and Technology Symposium ({VM})},
 year = {2004},
 pages = {12--12},
 address = {San Jose, CA, USA},
 publisher = {USENIX Assoc.},
}

@inproceedings{Nagpurkar-caecw07,
    author = {P. Nagpurkar and H. W. Cain and M. Serrano and J.-D. Choi and R. Krintz},
    title = "{A} {S}tudy of {I}nstruction {C}ache {P}erformance and the {P}otential for {I}nstruction {P}refetching in {J2EE} {S}erver {A}pplications",
    booktitle = {Workshop of Computer Architecture Evaluation using Commercial Workloads},
    year = {2007},
    address = {Phoenix, AZ, USA}
}

@inproceedings{BallSIGPLAN98,
 author = {T. Ball and P. Mataga and M. Sagiv},
 title = {Edge profiling versus path profiling: the showdown},
 booktitle = POPL,
 year = {1998},
 pages = {134--148},
 address = {San Diego, California, United States},
}

@InBook{YamamotoOzaki08,
	title = "{D}iscovery of {F}requent {G}raph {P}atterns that {C}onsist of the {V}ertices with the {C}omplex {S}tructures",
	series = "Lecture Notes in Computing Science",
	author = "Tsubasa Yamamoto and Tomonobu Ozaki and Takenao Ohkawa",
	publisher = "Springer",
	pages = "143--156",
	year = "2008"
}

@article{HotPathPrediction,
 author = {Duesterwald, Evelyn and Bala, Vasanth},
 title = {Software profiling for hot path prediction: less is more},
 journal = {SIGOPS Oper. Syst. Rev.},
 issue_date = {Dec. 2000},
 volume = {34},
 number = {5},
 month = nov,
 year = {2000},
 issn = {0163-5980},
 pages = {202--211},
 numpages = {10},
 url = {http://doi.acm.org/10.1145/384264.379241},
 doi = {10.1145/384264.379241},
 acmid = {379241},
 publisher = {ACM},
 address = {New York, NY, USA},
} 

@Misc{AST,
       title = {{E}xample {o}f {a}n {A}bstract {S}yntax {T}ree},
       howpublished = "http://alumni.media.mit.edu/~tpminka/patterns/python/"
}

@Misc{zEnterprise,
       title = {{I}{B}{M} {z}{E}nterprise {S}ystem {T}echnical {I}ntroduction},
       howpublished = "http://www.redbooks.ibm.com/redpieces/pdfs/sg247832.pdf"
}

@Misc{ClustRef,
title = {{H}ierarchical {C}lustering},
howpublished = "http://www.stat.cmu.edu/~cshalizi/350/lectures/08/lecture-08.pdf"
}

@Misc{TProf,
title = {{T}he {t}prof {t}ool},
howpublished = "http://perfinsp.sourceforge.net/tprof.html"
}

@inproceedings{CompleteClone,
 author = {Pham, Nam H. and Nguyen, Hoan Anh and Nguyen, Tung Thanh and Al-Kofahi, Jafar M. and Nguyen, Tien N.},
 title = {Complete and accurate clone detection in graph-based models},
 booktitle = {Proceedings of the 31st International Conference on Software Engineering},
 series = {ICSE '09},
 year = {2009},
 isbn = {978-1-4244-3453-4},
 pages = {276--286},
 numpages = {11},
 url = {http://dx.doi.org/10.1109/ICSE.2009.5070528},
 doi = {10.1109/ICSE.2009.5070528},
 acmid = {1555043},
 publisher = {IEEE Computer Society},
 address = {Washington, DC, USA},
} 

@inproceedings{AccurateClone,
 author = {Nguyen, Hoan Anh and Nguyen, Tung Thanh and Pham, Nam H. and Al-Kofahi, Jafar M. and Nguyen, Tien N.},
 title = "{A}ccurate and {E}fficient {S}tructural {C}haracteristic {F}eature {E}xtraction for {C}lone {D}etection",
 booktitle = {Proceedings of the 12th International Conference on Fundamental Approaches to Software Engineering: Held as Part of the Joint European Conferences on Theory and Practice of Software, ETAPS 2009},
 series = {FASE '09},
 year = {2009},
 isbn = {978-3-642-00592-3},
 location = {York, UK},
 pages = {440--455},
 numpages = {16},
 url = {http://dx.doi.org/10.1007/978-3-642-00593-0_31},
 doi = {10.1007/978-3-642-00593-0_31},
 acmid = {1533054},
 publisher = {Springer-Verlag},
 address = {Berlin, Heidelberg},
} 

@inproceedings{FATMiner,
 author = {De Knijf, Jeroen},
 title = {{FAT}-miner: mining frequent attribute trees},
 booktitle = {Proceedings of the 2007 ACM symposium on Applied computing},
 series = {SAC '07},
 year = {2007},
 isbn = {1-59593-480-4},
 location = {Seoul, Korea},
 pages = {417--422},
 numpages = {6},
 url = {http://doi.acm.org/10.1145/1244002.1244099},
 doi = {10.1145/1244002.1244099},
 acmid = {1244099},
 publisher = {ACM},
 address = {New York, NY, USA},
 keywords = {XML, attributes, frequent tree mining},
} 

@inbook{EvaluationCodeMining, 
title={An evaluation of source code mining techniques}, 
volume={3}, 
url={http://ieeexplore.ieee.org/xpl/freeabs_all.jsp?arnumber=6019877}, 
booktitle={Fuzzy Systems and Knowledge Discovery FSKD 2011 Eighth International Conference on}, 
author={Khatoon, S and Mahmood, A and Guohui, Li}, 
year={2011}, 
pages={1929--1933}
}

@Misc{Power7,
title={{P}ower7 {M}icroprocessor {A}rchitecture},
howpublished="http://en.wikipedia.org/wiki/POWER7"
}

@Misc{AIX,
title={{A}{I}{X} {O}perating {S}ystem},
howpublished="http://en.wikipedia.org/wiki/IBM\_{AIX}"
}

@Misc{CDT,
title={{E}clipse {C/C++} {D}evelopment {T}oolkit},
howpublished="www.eclipse.org/cdt/"
}

@inproceedings{Deckard,
 author = {Jiang, Lingxiao and Misherghi, Ghassan and Su, Zhendong and Glondu, Stephane},
 title = {DECKARD: Scalable and Accurate Tree-Based Detection of Code Clones},
 booktitle = {Proceedings of the 29th international conference on Software Engineering},
 series = {ICSE '07},
 year = {2007},
 isbn = {0-7695-2828-7},
 pages = {96--105},
 numpages = {10},
 url = {http://dx.doi.org/10.1109/ICSE.2007.30},
 doi = {10.1109/ICSE.2007.30},
 acmid = {1248843},
 publisher = {IEEE Computer Society},
 address = {Washington, DC, USA}
}
